<?xml version="1.0" encoding="UTF-8"?><collection><record><leader>10511ntm a2201021 a 4500</leader><controlfield tag="001">006776001</controlfield><controlfield tag="003">MiAaHDL</controlfield><controlfield tag="005">20190719000000.0</controlfield><controlfield tag="006">m        d        </controlfield><controlfield tag="007">cr bn ---auaua</controlfield><controlfield tag="008">090507m17161725su            00| ||ara d</controlfield><datafield tag="035" ind1=" " ind2=" "><subfield code="a">(MiU)006776001</subfield></datafield><datafield tag="035" ind1=" " ind2=" "><subfield code="a">sdr-miu006776001</subfield></datafield><datafield tag="040" ind1=" " ind2=" "><subfield code="a">MiU</subfield><subfield code="c">MiU</subfield><subfield code="e">amremm</subfield></datafield><datafield tag="043" ind1=" " ind2=" "><subfield code="a">n-us-mi</subfield><subfield code="a">n-a-su</subfield></datafield><datafield tag="245" ind1="0" ind2="0"><subfield code="6">880-01</subfield><subfield code="a">[Majmūʻat rasāʼil,</subfield><subfield code="f">1128 to 1137, i.e. 1716 to 1725].</subfield></datafield><datafield tag="246" ind1="3" ind2=" "><subfield code="i">Edge title (head):</subfield><subfield code="a">Tanbīh al-ghāfilīn</subfield></datafield><datafield tag="260" ind1=" " ind2=" "><subfield code="a">[Mecca,</subfield><subfield code="c">1716-1725]</subfield></datafield><datafield tag="300" ind1=" " ind2=" "><subfield code="a">182 leaves :</subfield><subfield code="b">paper ;</subfield><subfield code="c">301 x 200 (177-235 x 93-125) mm. bound to 301 x 209 mm.</subfield></datafield><datafield tag="500" ind1=" " ind2=" "><subfield code="a">Shelfmark: Ann Arbor, University of Michigan, Special Collections Library, Isl. Ms. 153</subfield></datafield><datafield tag="500" ind1=" " ind2=" "><subfield code="a">Origin: As appears in colophon on p.93, third work copied by Aḥmad ibn Walī al-Arzanjānī [Ahmet Veli Erzincanlı] with transcription finished Jumādá II 1137 [February-March 1725]. As appears in colophon on p.183, ʻUmdat al-aḥkām also copied by Aḥmad ibn Walī al-Arzanjānī [Ahmet Veli Erzincanlı] in the Sulaymānīyah madrasah of Mecca (Sultan Süleymân Medresesi, Mekke'de) with transcription finished Wednesday, 9 Rabīʻ I 1128 [ca. 3 March 1716]. As with several other works and excerpts in this codex, copied from the manuscript of ʻAbd Allāh ibn Sālim al-Makkī al-Baṣrī ("نقلت هذه النسخة الشريفة من نسخة الاستاذ ... عبد الله بن سالم المكي ... البصري"). As appears in colophon on p.322, al-Asrār al-marfūʻah fī al-akhbār al-mawḍūʻah copied in Mecca also by Aḥmad ibn Walī al-Arzanjānī [Ahmet Veli Erzincanlı] with transcription completed in Rajab 1128 [June-July 1716]. As appears in colophon on p.333, al-Niʻmah al-kubrá also copied in Mecca by Aḥmad ibn Walī al-Arzanjānī [Ahmet Veli Erzincanlı] with transcription completed in 1128 [1716]. Some excerpts also dated and with place of transcription specified (see p.189 "... كتب في عاشر من شعبان في مكة المكرمة سنة ۱۱۲۸").</subfield></datafield><datafield tag="500" ind1=" " ind2=" "><subfield code="a">Accompanying materials: Several inserts carrying notes, glosses, etc. (paginated pp.55-56, pp.79-80, pp.147-148, pp.167-168, pp.341-342) along with a leaf from another ms. (paginated pp.351-352).</subfield></datafield><datafield tag="500" ind1=" " ind2=" "><subfield code="a">Former shelfmark: British Museum, London "No. 85. Collection of homilies, traditions, etc."</subfield></datafield><datafield tag="500" ind1=" " ind2=" "><subfield code="a">Binding: Pasteboards covered in dark red leather with envelope flap and interior of fore edge flap in tan leather ; Type II binding (with flap) ; board linings in yellow-tinted laid paper ; upper and lower covers carry scalloped blind-stamped mandorla and epigraphic pendants ("حاجي احمد") with blind-tooled rosette accents forming crescent adjacent to mandorla and border in tooled fillets ; sewn in cream thread, two stations ; worked chevron endbands in blue and cream, headband cut from textblock (primaries) and adhering to spine lining (primaries stitched through), tailband still attached to textblock but only partially ; overall in poor condition with much abrasion, some staining, moisture damage, etc. ; textblock fully detached from cover, which is certainly roomy in the spine and may have originally been intended for a different textblock ; housed in box for protection.</subfield></datafield><datafield tag="500" ind1=" " ind2=" "><subfield code="a">Support: What appears to be a European laid paper with 11-12 laid lines per cm. (horizontal) and chain lines spaced 24 mm. apart, but remarkably, no watermarks visible ; well-sized and burnished.</subfield></datafield><datafield tag="500" ind1=" " ind2=" "><subfield code="a">Decoration: Keywords and section headings rubricated ; written area surrounded by red rule-border (through p.22) ; occasional textual dividers in the form of red discs ; occasional abbreviation symbols in red ; some overlining in black and red ink.</subfield></datafield><datafield tag="500" ind1=" " ind2=" "><subfield code="a">Script: Naskh ; several hands ; mainly a fine Turkish hand, partially seriffed with left-sloping barbed head serif on final lām, occasional head serifs on alif, initial lām, etc., effect of tilt to the left, mainly open counters, rightward descenders mainly tapered, rounded and somewhat freely ligatured ; another hand showing influence of nastaʻlīq, with tilt to the right, elongation of horizontal strokes, mainly closed counters, final nūn often reversed (re-curved) ; partially vocalized ; headings in larger, bolder script.</subfield></datafield><datafield tag="500" ind1=" " ind2=" "><subfield code="a">Layout: Written in 25-31 lines per page ; frame-ruled.</subfield></datafield><datafield tag="500" ind1=" " ind2=" "><subfield code="a">Collation: i, 4 V(40), III (46), IV (54), V (64), 2 VI (88), 9 V(178), II (182) ; chiefly quinions ; catchwords present ; foliation in blank ink, Hindu-Arabic numerals, in ʻUmdat al-aḥkām (begins on p.119 with ۲) ; pagination in pencil, Western numerals, supplied during digitization (includes front flyleaf and inserts ; skips two pages between pp.323-324).</subfield></datafield><datafield tag="500" ind1=" " ind2=" "><subfield code="a">Title supplied by cataloguer.</subfield></datafield><datafield tag="500" ind1=" " ind2=" "><subfield code="a">Ms. composite codex.</subfield></datafield><datafield tag="505" ind1="0" ind2=" "><subfield code="a">15. p.376 : [blank].</subfield></datafield><datafield tag="505" ind1="0" ind2=" "><subfield code="a">14. p.336-p.375 : Mashāriq al-anwār / al-Ṣaghānī.</subfield></datafield><datafield tag="505" ind1="0" ind2=" "><subfield code="a">13. p.334-p.335 : [assorted excerpts].</subfield></datafield><datafield tag="505" ind1="0" ind2=" "><subfield code="a">12. p.324-p.333 : al-Niʻmah al-kubrá ʻalá al-ʻālam bi-mawlid sayyid banī Ādam / Ibn Ḥajar al-Haytamī.</subfield></datafield><datafield tag="505" ind1="0" ind2=" "><subfield code="a">11. p.323-p.[] : [assorted excerpts].</subfield></datafield><datafield tag="505" ind1="0" ind2=" "><subfield code="a">10. p.190-p.322 : [al-Asrār al-marfūʻah fī al-akhbār al-mawḍūʻah] / al-Qārī al-Harawī.</subfield></datafield><datafield tag="505" ind1="0" ind2=" "><subfield code="a">9. p.184-p.189 : [assorted excerpts].</subfield></datafield><datafield tag="505" ind1="0" ind2=" "><subfield code="a">8. p.118- p.183 : [ʻUmdat al-aḥkām] / ʻAbd al-Ghanī ibn ʻAbd al-Wāḥid al-Jammāʻīlī al-Maqdisī.</subfield></datafield><datafield tag="505" ind1="0" ind2=" "><subfield code="a">7. p.113-p.117 : [assorted excerpts and table of contents for ʻUmdat al-aḥkām].</subfield></datafield><datafield tag="505" ind1="0" ind2=" "><subfield code="a">6. p.99-p.112 : [al-Ḥarf al-kāf, excerpt from al-Jāmiʻ al-ṣaghīr] / al-Suyūṭī.</subfield></datafield><datafield tag="505" ind1="0" ind2=" "><subfield code="a">5. p.94-p.98 : [partially blank, carrying assorted excerpts from Mirqāt al-mafātīḥ, al-Maṣābīḥ, etc.].</subfield></datafield><datafield tag="505" ind1="0" ind2=" "><subfield code="a">4. p.88-p.93 : [Risālah mushtamilah ʻalá taḥqīq masaʼlat al-ishārah bi-al-misbaḥah fī al-ṣalāh].</subfield></datafield><datafield tag="505" ind1="0" ind2=" "><subfield code="a">3. p.65-p.87 : [excerpt from al-Jāmiʻ al-ṣaghīr] /al-Suyūṭī.</subfield></datafield><datafield tag="505" ind1="0" ind2=" "><subfield code="a">2. p.6-p.64 : [excerpt from Tanbīh al-ghāfilīn] / Abū al-Layth al-Samarqandī.</subfield></datafield><datafield tag="505" ind1="0" ind2=" "><subfield code="a">1. p.1-p.5 : [originally blank, now carry excerpts, owners' marks, etc.].</subfield></datafield><datafield tag="510" ind1="4" ind2=" "><subfield code="a">Brockelmann, C. GAL,</subfield><subfield code="c">I, 360 (21/1) ; SI</subfield></datafield><datafield tag="510" ind1="4" ind2=" "><subfield code="a">Brockelmann, C. GAL,</subfield><subfield code="c">II 388 (no. 30)</subfield></datafield><datafield tag="510" ind1="4" ind2=" "><subfield code="a">Brockelmann, C. GAL,</subfield><subfield code="c">II 394 ; S II 540 (no. 11)</subfield></datafield><datafield tag="510" ind1="4" ind2=" "><subfield code="a">Brockelmann, C. GAL,</subfield><subfield code="c">I 356 (14/2) ; SI</subfield></datafield><datafield tag="510" ind1="4" ind2=" "><subfield code="a">Brockelmann, C. GAL,</subfield><subfield code="c">II 147 (no. 56)</subfield></datafield><datafield tag="510" ind1="4" ind2=" "><subfield code="a">Brockelmann, C. GAL,</subfield><subfield code="c">I 196 ; S I 347</subfield></datafield><datafield tag="520" ind1="8" ind2=" "><subfield code="a">Careful copy of a collection (majmūʻah / mecmua) of works and excerpts on hadīth.</subfield></datafield><datafield tag="538" ind1=" " ind2=" "><subfield code="a">Mode of access: Internet.</subfield></datafield><datafield tag="541" ind1=" " ind2=" "><subfield code="c">Purchase ;</subfield><subfield code="a">Acquired by purchase (funds donated by Horace Rackham).</subfield><subfield code="d">1924.</subfield></datafield><datafield tag="546" ind1=" " ind2=" "><subfield code="a">Arabic.</subfield></datafield><datafield tag="561" ind1=" " ind2=" "><subfield code="a">Bookplate of British Museum, London on interior of upper cover, "British Museum, London. No. 85. Collection of homilies, traditions, etc." ; circular seal impression with figure of goat/gazelle in purple ink as well as inscription "69" in Western numerals on opening leaf (p.1) ; also on (p.1) ownership statement in name of al-Sayyid al-Ḥājj ʻAbd Allāh, muftī in Erzincan reads "تملكه الفقير اليه سبحانه وتعالى السيد عبد الله المفتي بارزنجان ..." accompanied by oval seal impression ; oval seal impression on 'title page' for ʻUmdat al-aḥkām (p.117) accompanying statement "... نقلته من كتاب الاستاذ عبد الله بن سالم البصري" ; occasional collation marks "بلغ" in margins of ʻUmdat al-aḥkām ; numerous glosses, marginal corrections and notabilia (side-heads).</subfield></datafield><datafield tag="650" ind1=" " ind2="0"><subfield code="a">Manuscripts, Arabic</subfield><subfield code="z">Michigan</subfield><subfield code="z">Ann Arbor.</subfield></datafield><datafield tag="650" ind1=" " ind2="0"><subfield code="a">Islam</subfield><subfield code="x">Doctrines</subfield><subfield code="v">Early works to 1800.</subfield></datafield><datafield tag="650" ind1=" " ind2="0"><subfield code="a">Mawlid al-Nabī</subfield><subfield code="v">Early works to 1800.</subfield></datafield><datafield tag="650" ind1=" " ind2="0"><subfield code="a">Hadith</subfield><subfield code="x">Forgeries</subfield><subfield code="v">Early works to 1800.</subfield></datafield><datafield tag="650" ind1=" " ind2="0"><subfield code="a">Hadith</subfield><subfield code="v">Commentaries</subfield><subfield code="v">Early works to 1800</subfield><subfield code="v">Commentaries.</subfield></datafield><datafield tag="650" ind1=" " ind2="0"><subfield code="a">Islamic law</subfield><subfield code="x">Interpretation and construction</subfield><subfield code="v">Early works to 1800.</subfield></datafield><datafield tag="650" ind1=" " ind2="0"><subfield code="a">Hadith</subfield><subfield code="v">Texts</subfield><subfield code="v">Early works to 1800.</subfield></datafield><datafield tag="650" ind1=" " ind2="0"><subfield code="a">Islam</subfield><subfield code="v">Prayers and devotions</subfield><subfield code="v">Early works to 1800.</subfield></datafield><datafield tag="650" ind1=" " ind2="0"><subfield code="a">Religious life</subfield><subfield code="x">Islam</subfield><subfield code="v">Early works to 1800.</subfield></datafield><datafield tag="700" ind1="0" ind2=" "><subfield code="6">880-10</subfield><subfield code="a">Ahmet Veli Erzincanlı,</subfield><subfield code="d">fl. 1725,</subfield><subfield code="e">scribe.</subfield></datafield><datafield tag="700" ind1="1" ind2="2"><subfield code="6">880-09</subfield><subfield code="a">Ṣaghānī, al-Ḥasan ibn Muhḥammad,</subfield><subfield code="d">1181-1252.</subfield><subfield code="t">Mashāriq al-anwār.</subfield></datafield><datafield tag="700" ind1="1" ind2="2"><subfield code="6">880-08</subfield><subfield code="a">Ibn Ḥajar al-Haythamī, Aḥmad ibn Muḥammad,</subfield><subfield code="d">approximately 1503-approximately 1566.</subfield><subfield code="t">Itmām al-niʻmah al-kubrá.</subfield></datafield><datafield tag="700" ind1="1" ind2="2"><subfield code="6">880-07</subfield><subfield code="a">Qārī al-Harawī, ʻAlī ibn Sulṭān Muḥammad,</subfield><subfield code="d">-1605 or 1606.</subfield><subfield code="t">Asrār al-marfūʻah fī al-akhbār al-mawḍūʻah.</subfield></datafield><datafield tag="700" ind1="1" ind2="2"><subfield code="6">880-06</subfield><subfield code="a">Jammāʻīlī, ʻAbd al-Ghanī ibn ʻAbd al-Wāḥid,</subfield><subfield code="d">1146-1203.</subfield><subfield code="t">ʻUmdat al-aḥkām.</subfield></datafield><datafield tag="700" ind1="0" ind2="2"><subfield code="6">880-05</subfield><subfield code="a">Suyūṭī,</subfield><subfield code="d">1445-1508.</subfield><subfield code="t">Jāmiʻ al-ṣaghīr.</subfield><subfield code="k">Selections.</subfield></datafield><datafield tag="700" ind1="1" ind2="2"><subfield code="6">880-04</subfield><subfield code="a">Abū al-Layth al-Samarqandī, Naṣr ibn Muḥammad,</subfield><subfield code="d">-983?</subfield><subfield code="t">Tanbīh al-ghāfilīn.</subfield><subfield code="k">Selections.</subfield></datafield><datafield tag="740" ind1="0" ind2="2"><subfield code="6">880-13</subfield><subfield code="a">Risālah mushtamilah ʻalá taḥqīq masaʼlat al-ishārah bi-al-misbaḥah fī al-ṣalāh</subfield></datafield><datafield tag="740" ind1="0" ind2="2"><subfield code="6">880-12</subfield><subfield code="a">Mawḍūʻāt al-kubrá</subfield></datafield><datafield tag="740" ind1="0" ind2="2"><subfield code="6">880-11</subfield><subfield code="a">Niʻmah al-kubrá ʻalá al-ʻālam bi-mawlid sayyid banī Ādam</subfield></datafield><datafield tag="773" ind1="0" ind2=" "><subfield code="a">Tiflis Collection.</subfield></datafield><datafield tag="880" ind1="0" ind2="2"><subfield code="6">740-13/</subfield><subfield code="a">رسالة مشتملة على تحقيق مسئلة الاشارة بالمسبحة في الصلاة</subfield></datafield><datafield tag="880" ind1="0" ind2="2"><subfield code="6">740-12/</subfield><subfield code="a">موضوعات الكبرى</subfield></datafield><datafield tag="880" ind1="0" ind2="2"><subfield code="6">740-11/</subfield><subfield code="a">نعمة الكبرى على العالم بمولد سيد بني آدم</subfield></datafield><datafield tag="880" ind1="0" ind2=" "><subfield code="6">700-10/</subfield><subfield code="a">احمد بن ولى الارزنجانى،</subfield><subfield code="e">ناسخ.</subfield></datafield><datafield tag="880" ind1="1" ind2="2"><subfield code="6">700-09/</subfield><subfield code="a">صغاني، الحسن بن محمد.</subfield><subfield code="t">مشارق الانوار.</subfield></datafield><datafield tag="880" ind1="1" ind2="2"><subfield code="6">700-08/</subfield><subfield code="a">ابن حجر الهيثمي، احمد بن محمد.</subfield><subfield code="t">اتمام النعمة الكبرى.</subfield></datafield><datafield tag="880" ind1="1" ind2="2"><subfield code="6">700-07/</subfield><subfield code="a">قاري الهروي، علي بن سلطان محمد.</subfield><subfield code="t">اسرار المرفوعة في الاخبار الموضوعة.</subfield></datafield><datafield tag="880" ind1="1" ind2="2"><subfield code="6">700-06/</subfield><subfield code="a">جماعيلي، عبد الغني بن عبد الواحد.</subfield><subfield code="t">عمدة الاحكام.</subfield></datafield><datafield tag="880" ind1="0" ind2="2"><subfield code="6">700-05/</subfield><subfield code="a">سيوطي.</subfield><subfield code="t">جامع الصغير.</subfield><subfield code="k">مختارات.</subfield></datafield><datafield tag="880" ind1="1" ind2="2"><subfield code="6">700-04/</subfield><subfield code="a">ابو الليث السمرقندي، نصر بن محمد.</subfield><subfield code="t">تنبيه الغافلين.</subfield><subfield code="k">مختارات.</subfield></datafield><datafield tag="880" ind1="0" ind2="0"><subfield code="6">245-01/</subfield><subfield code="a">[مجموعة رسائل,</subfield><subfield code="f">1128ه الى 1137ه، 1716م الى 1725م].</subfield></datafield><datafield tag="CID" ind1=" " ind2=" "><subfield code="a">006776001</subfield></datafield><datafield tag="DAT" ind1="0" ind2=" "><subfield code="a">20190719102635.0</subfield><subfield code="b">20190719000000.0</subfield></datafield><datafield tag="DAT" ind1="1" ind2=" "><subfield code="a">20190719090653.0</subfield><subfield code="b">2019-07-19T16:11:23Z</subfield></datafield><datafield tag="DAT" ind1="2" ind2=" "><subfield code="a">2015-10-02T18:00:03Z</subfield></datafield><datafield tag="CAT" ind1=" " ind2=" "><subfield code="a">SDR-MIU</subfield><subfield code="d">EX LIBRIS - ALEPH</subfield><subfield code="l">prepare.pl-004-008</subfield></datafield><datafield tag="FMT" ind1=" " ind2=" "><subfield code="a">BK</subfield></datafield><datafield tag="HOL" ind1=" " ind2=" "><subfield code="0">sdr-miu006776001</subfield><subfield code="a">MiU</subfield><subfield code="b">SDR</subfield><subfield code="c">MIU</subfield><subfield code="p">mdp.39015079125889</subfield><subfield code="s">MIU</subfield><subfield code="1">006776001</subfield></datafield><datafield tag="974" ind1=" " ind2=" "><subfield code="b">MIU</subfield><subfield code="c">MIU</subfield><subfield code="d">20190719</subfield><subfield code="s">lit-dlps-dc</subfield><subfield code="u">mdp.39015079125889</subfield><subfield code="y">1725</subfield><subfield code="r">pd</subfield><subfield code="q">bib</subfield><subfield code="t">non-US bib date2, date type m &lt; 1879</subfield></datafield></record></collection>